<?xml version="1.0" encoding="UTF-8"?><record xmlns="http://www.loc.gov/MARC21/slim" xmlns:cinclude="http://apache.org/cocoon/include/1.0" xmlns:zs="http://www.loc.gov/zing/srw/">
  <leader>00655nz  a2200181n  4500</leader>
  <controlfield tag="001">n 2001097883</controlfield>
  <controlfield tag="003">DLC</controlfield>
  <controlfield tag="005">20011004143735.0</controlfield>
  <controlfield tag="008">011004n| acaabaaan          |a ana      </controlfield>
  <datafield tag="010" ind1=" " ind2=" ">
    <subfield code="a">n 2001097883</subfield>
  </datafield>
  <datafield tag="040" ind1=" " ind2=" ">
    <subfield code="a">DLC</subfield>
    <subfield code="b">eng</subfield>
    <subfield code="c">DLC</subfield>
  </datafield>
  <datafield tag="130" ind1=" " ind2="0">
    <subfield code="a">Sovremennye podvizhniki blagochestii︠a︡</subfield>
  </datafield>
  <datafield tag="430" ind1=" " ind2="0">
    <subfield code="a">Serii︠a︡ "Sovremennye podvizhniki blagochestii︠a︡"</subfield>
  </datafield>
  <datafield tag="643" ind1=" " ind2=" ">
    <subfield code="a">Permʹ</subfield>
    <subfield code="b">PO "Panagii︠a︡"</subfield>
  </datafield>
  <datafield tag="644" ind1=" " ind2=" ">
    <subfield code="a">f</subfield>
    <subfield code="5">DLC</subfield>
  </datafield>
  <datafield tag="645" ind1=" " ind2=" ">
    <subfield code="a">t</subfield>
    <subfield code="5">DPCC</subfield>
    <subfield code="5">DLC</subfield>
  </datafield>
  <datafield tag="646" ind1=" " ind2=" ">
    <subfield code="a">s</subfield>
    <subfield code="5">DLC</subfield>
  </datafield>
  <datafield tag="670" ind1=" " ind2=" ">
    <subfield code="a">Aleksandr, Archbishop. Putʹ ko spasenii︠u︡, 1998:</subfield>
    <subfield code="b">t.p. (Sovremennye podvizhniki blagochestii︠a︡) colophon (Serii︠a︡ "Sovremennye podvizhniki blagochestii︠a︡")</subfield>
  </datafield>
</record>